@article{Ewing1998,
author = {Ewing, B and Hillier, L and Wendl, M C and Green, P},
file = {:home/jewmanchue/Documents/masters\_stuff/THESIS PROCESS/Ewing et al. - 1998 - Base-calling of automated sequencer traces using Phred. I. Accuracy Assessment.pdf:pdf},
journal = {Genome Res},
pages = {175--185},
title = {{Base-calling of automated sequencer traces using Phred. I. Accuracy Assessment}},
volume = {8},
year = {1998}
}
